@misc{dataset:gpreda,
  author  = {G. Preda},
  title   = {COVID19 Tweets},
  year         = {2020},
  version      = {24},
  lastaccessed  = {December 1, 2020},
  url          = {https://www.kaggle.com/gpreda/covid19-tweets/version/24}
}

@inproceedings{rw:apriori,
  title={R. Fast algorithms for mining association rules},
  author={Agrawal, R Srikant and Srikant, Ramakrishnan},
  booktitle={Proceedings of the 20th International Conference on Very Large Data Bases, VLDB},
  pages={487--499},
  year={1994}
}

@book{rw:tfidf,
  title={Mining of massive datasets},
  author={Rajaraman, Anand and Ullman, Jeffrey David},
  year={2011},
  publisher={Cambridge University Press}
}

@article{alg:pcy,
  title={An effective hash-based algorithm for mining association rules},
  author={Park, Jong Soo and Chen, Ming-Syan and Yu, Philip S},
  journal={Acm sigmod record},
  volume={24},
  number={2},
  pages={175--186},
  year={1995},
  publisher={ACM New York, NY, USA}
}

@inproceedings{alg:multi,
  title={Computing Iceberg Queries Efficiently.},
  author={Fang, Min and Shivakumar, Narayanan and Garcia-Molina, Hector and Motwani, Rajeev and Ullman, Jeffrey D},
  booktitle={Internaational Conference on Very Large Databases (VLDB'98), New York, August 1998},
  year={1999},
  organization={Stanford InfoLab}
}

@techreport{alg:son,
  title={An efficient algorithm for mining association rules in large databases},
  author={Savasere, Ashok and Omiecinski, Edward Robert and Navathe, Shamkant B},
  year={1995},
  institution={Georgia Institute of Technology}
}


@misc{code:github,
  author = {Masina, Gabriele},
  title = {Popular Twitter Topics Mining},
  year = {2021},
  publisher = {GitHub},
  journal = {GitHub repository},
  howpublished = {\url{https://github.com/masinag/popular_twitter_topics_mining}}
}

